@Book{Olsak:SystemTex,
author = "Olšák, Petr",
title = "Typografický systém {{\TeX}}",
publisher = "Konvoj",
year = "2000",
edition = "2",
address = "Brno",
isbn = "80--85615--91--6",
}

@Book{Helmut:LatexGuide,
author = "Kopka, Helmut and Daly, Patrick W.",
title = "A Guide to {{\LaTeX}}",
publisher = "Addison--Wesley",
year = "2003",
edition = "4",
address = "Boston",
isbn = "0--321--17385--6",
}

@BachelorThesis{Hamrsky:bak:RozoznavaniePisma,
author = "Hamrský, Jan",
title = "Jednoduché rozpoznávání písma",
school = "VUT FIT v~Brně",
address = "Brno",
year = "2011",
}

@MasterThesis{Cerny:diplom:Latex-MSPP,
author = "Černý, Lukáš",
title = "Konverze prezentací mezi platformou {{\LaTeX}} a Microsoft Power Point",
school = "VUT FIT v~Brně",
address = "Brno",
year = "2011",
}

@Misc{CZLATEX,
author = "Martinek, David",
title = "Jak sázet česky",
howpublished = "online",
revised = "Posledá zmena 2. augusta 2008",
cited = "!2014-04-15",
url = "http://www.fit.vutbr.cz/{{\verb|~|}}martinek/latex/czech.html",
}

@Misc{VLNA,
author = "Válka, Libor",
title = "Textové editory pro {{\LaTeX}} a program \myuv{vlna}",
howpublished = "online",
revised = "Posledná zmena 2. apríla 2014",
cited = "!2014-04-23",
url = "http://www.liborvalka.cz/?p=334",
}

@Misc{CSTUG,
author = "Hudec, Tomáš and Škarvada, Libor",
title = "Jak začít s {{\TeX}}em",
howpublished = "online",
revised = "Posledná zmena 26. júla 2006",
cited = "!2014-04-15",
url = "http://www.fi.muni.cz/cstug/csfaq/sectB.html",
}

@InProceedings{ZBORNIK,
author = "Takato, S. and Tomida, A.g. and Prieto, A.I.",
title = "Use of ImplicitPlot in Drawing Surfaces Embedded into LATEX Documents",
booktitle = "Computational Science and Its Applications, 2009. ICCSA '09. International Conference on",
address = "Yongin",
publisher = "IEEE",
year = "2009",
isbn = "978--0--7695--3701--6",
}

@Article{PISMO,
author = "Bohmová, Jitka",
title = "Radana Lencová, autorka školního psacího písma Comenia Script",
journal = "Typografia",
year = "2013",
number = "9",
pages = "11--12",
issn = "0322--9068",
}

@Article{FONT,
author = "Kolenský, V.",
title = "Kalibrace: Přesná i dostupná",
journal = "Font",
year = "2013",
number = "9",
pages = "44",
issn = "1211--4049",
}